<record><leader>00000cas a22000007a 4500</leader><controlfield tag="001">36627453</controlfield><controlfield tag="008">970325d19571963tnuwr ne      0    0eng d</controlfield><datafield ind1=" " ind2=" " tag="010"><subfield code="a">sn 97065040 </subfield></datafield><datafield ind1=" " ind2=" " tag="040"><subfield code="a">TGN</subfield><subfield code="b">eng</subfield><subfield code="c">TGN</subfield><subfield code="d">OCLCQ</subfield><subfield code="d">OCLCF</subfield><subfield code="d">OCLCO</subfield></datafield><datafield ind1="1" ind2=" " tag="029"><subfield code="a">AU@</subfield><subfield code="b">000021674976</subfield></datafield><datafield ind1=" " ind2=" " tag="042"><subfield code="a">msc</subfield></datafield><datafield ind1=" " ind2=" " tag="043"><subfield code="a">n-us-tn</subfield></datafield><datafield ind1="0" ind2=" " tag="130"><subfield code="a">Review=appeal (Franklin, Tenn. : 1957)</subfield></datafield><datafield ind1="1" ind2="4" tag="245"><subfield code="a">The review=appeal.</subfield></datafield><datafield ind1=" " ind2=" " tag="260"><subfield code="a">Franklin, Tenn. :</subfield><subfield code="b">Leonard H. Armistead, Jr.,</subfield><subfield code="c">1957-1963.</subfield></datafield><datafield ind1=" " ind2=" " tag="300"><subfield code="a">v.</subfield></datafield><datafield ind1=" " ind2=" " tag="310"><subfield code="a">Weekly</subfield></datafield><datafield ind1="0" ind2=" " tag="362"><subfield code="a">Vol. 144, no. 49 (Nov. 28, 1957)-v. 150, no. 13 (Mar. 28, 1963).</subfield></datafield><datafield ind1=" " ind2=" " tag="500"><subfield code="a">Publishers: Leonard H. Armistead, Jr., 1957-1963; James H. Armistead, Jr. 1963.</subfield></datafield><datafield ind1=" " ind2="0" tag="651"><subfield code="a">Franklin (Tenn.)</subfield><subfield code="v">Newspapers.</subfield></datafield><datafield ind1=" " ind2="0" tag="651"><subfield code="a">Williamson County (Tenn.)</subfield><subfield code="v">Newspapers.</subfield></datafield><datafield ind1=" " ind2="7" tag="655"><subfield code="a">Newspapers.</subfield><subfield code="2">fast</subfield><subfield code="0">(OCoLC)fst01423814</subfield></datafield><datafield ind1=" " ind2="7" tag="651"><subfield code="a">Tennessee</subfield><subfield code="z">Franklin.</subfield><subfield code="2">fast</subfield><subfield code="0">(OCoLC)fst01208691</subfield></datafield><datafield ind1=" " ind2="7" tag="651"><subfield code="a">Tennessee</subfield><subfield code="z">Williamson County.</subfield><subfield code="2">fast</subfield><subfield code="0">(OCoLC)fst01207678</subfield></datafield><datafield ind1=" " ind2=" " tag="752"><subfield code="a">United States</subfield><subfield code="b">Tennessee</subfield><subfield code="c">Williamson</subfield><subfield code="d">Franklin.</subfield></datafield><datafield ind1="0" ind2="0" tag="780"><subfield code="t">Review=appeal and the Williamson County news (Franklin, Tenn. : 1943)</subfield><subfield code="w">(DLC)sn 97065039</subfield></datafield><datafield ind1="0" ind2="0" tag="785"><subfield code="t">Review=appeal and the Williamson County news (Franklin, Tenn. : 1963)</subfield><subfield code="w">(DLC)sn 97065041</subfield></datafield></record>